{"symbol": "HDB", "annualReports": [{"fiscalDateEnding": "2023-03-31", "reportedCurrency": "INR", "grossProfit": "1205375000000", "totalRevenue": "1205375000000", "costOfRevenue": "None", "costofGoodsAndServicesSold": "None", "operatingIncome": "-16021770549", "sellingGeneralAndAdministrative": "400219800000", "researchAndDevelopment": "None", "operatingExpenses": "-6273350220", "investmentIncomeNet": "None", "netInterestIncome": "913988500000", "interestIncome": "1689526700000", "interestExpense": "775538200000", "nonInterestIncome": "None", "otherNonOperatingIncome": "None", "depreciation": "None", "depreciationAndAmortization": "23489700000", "incomeBeforeTax": "662381800000", "incomeTaxExpense": "166117400000", "interestAndDebtExpense": "None", "netIncomeFromContinuingOperations": "496264400000", "comprehensiveIncomeNetOfTax": "None", "ebit": "-16021770549", "ebitda": "7467929451", "netIncome": "495446900000"}, {"fiscalDateEnding": "2022-03-31", "reportedCurrency": "INR", "grossProfit": "983177700000", "totalRevenue": "1019413700000", "costOfRevenue": "36236000000", "costofGoodsAndServicesSold": "36236000000", "operatingIncome": "-10130943028", "sellingGeneralAndAdministrative": "320219100000", "researchAndDevelopment": "None", "operatingExpenses": "-5308241291", "investmentIncomeNet": "None", "netInterestIncome": "748839500000", "interestIncome": "1333137000000", "interestExpense": "584297500000", "nonInterestIncome": "None", "otherNonOperatingIncome": "None", "depreciation": "None", "depreciationAndAmortization": "16816900000", "incomeBeforeTax": "519162200000", "incomeTaxExpense": "132559200000", "interestAndDebtExpense": "None", "netIncomeFromContinuingOperations": "386603000000", "comprehensiveIncomeNetOfTax": "None", "ebit": "-10130943028", "ebitda": "6685956972", "netIncome": "386000400000"}, {"fiscalDateEnding": "2021-03-31", "reportedCurrency": "INR", "grossProfit": "930613700000", "totalRevenue": "966376900000", "costOfRevenue": "35763200000", "costofGoodsAndServicesSold": "35763200000", "operatingIncome": "427725800000", "sellingGeneralAndAdministrative": "136766700000", "researchAndDevelopment": "None", "operatingExpenses": "-538651100000", "investmentIncomeNet": "None", "netInterestIncome": "693048100000", "interestIncome": "1285524000000", "interestExpense": "592475900000", "nonInterestIncome": "None", "otherNonOperatingIncome": "None", "depreciation": "None", "depreciationAndAmortization": "13850100000", "incomeBeforeTax": "427961400000", "incomeTaxExpense": "109393700000", "interestAndDebtExpense": "None", "netIncomeFromContinuingOperations": "318567700000", "comprehensiveIncomeNetOfTax": "None", "ebit": "427725800000", "ebitda": "441575900000", "netIncome": "318332100000"}, {"fiscalDateEnding": "2020-03-31", "reportedCurrency": "INR", "grossProfit": "762936800000", "totalRevenue": "794470700000", "costOfRevenue": "31533900000", "costofGoodsAndServicesSold": "31533900000", "operatingIncome": "366071600000", "sellingGeneralAndAdministrative": "95256700000", "researchAndDevelopment": "0", "operatingExpenses": "-428399100000", "investmentIncomeNet": "None", "netInterestIncome": "593527400000", "interestIncome": "1211982900000", "interestExpense": "586264000000", "nonInterestIncome": "None", "otherNonOperatingIncome": "0", "depreciation": "None", "depreciationAndAmortization": "12800300000", "incomeBeforeTax": "366071600000", "incomeTaxExpense": "103498400000", "interestAndDebtExpense": "None", "netIncomeFromContinuingOperations": "260364000000", "comprehensiveIncomeNetOfTax": "None", "ebit": "366071600000", "ebitda": "378871900000", "netIncome": "262573200000"}, {"fiscalDateEnding": "2019-03-31", "reportedCurrency": "INR", "grossProfit": "8936223543", "totalRevenue": "667627800000", "costOfRevenue": "658691576457", "costofGoodsAndServicesSold": "658691576457", "operatingIncome": "4929026714", "sellingGeneralAndAdministrative": "213613000000", "researchAndDevelopment": "0", "operatingExpenses": "-3990887007", "investmentIncomeNet": "None", "netInterestIncome": "507505600000", "interestIncome": "1041714900000", "interestExpense": "534209300000", "nonInterestIncome": "None", "otherNonOperatingIncome": "0", "depreciation": "None", "depreciationAndAmortization": "12248800000", "incomeBeforeTax": "339959000000", "incomeTaxExpense": "119393500000", "interestAndDebtExpense": "None", "netIncomeFromContinuingOperations": "220565500000", "comprehensiveIncomeNetOfTax": "None", "ebit": "-7319773286", "ebitda": "4929026714", "netIncome": "220103800000"}], "quarterlyReports": [{"fiscalDateEnding": "2023-09-30", "reportedCurrency": "USD", "grossProfit": "None", "totalRevenue": "None", "costOfRevenue": "None", "costofGoodsAndServicesSold": "None", "operatingIncome": "None", "sellingGeneralAndAdministrative": "None", "researchAndDevelopment": "None", "operatingExpenses": "None", "investmentIncomeNet": "None", "netInterestIncome": "None", "interestIncome": "None", "interestExpense": "None", "nonInterestIncome": "None", "otherNonOperatingIncome": "None", "depreciation": "None", "depreciationAndAmortization": "None", "incomeBeforeTax": "209673800000", "incomeTaxExpense": "None", "interestAndDebtExpense": "None", "netIncomeFromContinuingOperations": "None", "comprehensiveIncomeNetOfTax": "None", "ebit": "None", "ebitda": "None", "netIncome": "168114100000"}, {"fiscalDateEnding": "2023-06-30", "reportedCurrency": "INR", "grossProfit": "350665300000", "totalRevenue": "350665300000", "costOfRevenue": "None", "costofGoodsAndServicesSold": "None", "operatingIncome": "424857400000", "sellingGeneralAndAdministrative": "59511600000", "researchAndDevelopment": "None", "operatingExpenses": "74192100000", "investmentIncomeNet": "None", "netInterestIncome": "252133800000", "interestIncome": "511681400000", "interestExpense": "259547600000", "nonInterestIncome": "None", "otherNonOperatingIncome": "None", "depreciation": "None", "depreciationAndAmortization": "328700000", "incomeBeforeTax": "165967200000", "incomeTaxExpense": "41934700000", "interestAndDebtExpense": "None", "netIncomeFromContinuingOperations": "124032500000", "comprehensiveIncomeNetOfTax": "None", "ebit": "424857400000", "ebitda": "425186100000", "netIncome": "123703800000"}, {"fiscalDateEnding": "2023-03-31", "reportedCurrency": "INR", "grossProfit": "3819216767", "totalRevenue": "3819216774", "costOfRevenue": "7", "costofGoodsAndServicesSold": "7", "operatingIncome": "-10", "sellingGeneralAndAdministrative": "59511600000", "researchAndDevelopment": "None", "operatingExpenses": "-1776209723", "investmentIncomeNet": "None", "netInterestIncome": "None", "interestIncome": "None", "interestExpense": "2038193738", "nonInterestIncome": "None", "otherNonOperatingIncome": "None", "depreciation": "None", "depreciationAndAmortization": "2038193738", "incomeBeforeTax": "2043007050", "incomeTaxExpense": "505031225", "interestAndDebtExpense": "None", "netIncomeFromContinuingOperations": "None", "comprehensiveIncomeNetOfTax": "None", "ebit": "-10", "ebitda": "2038193728", "netIncome": "1537975825"}, {"fiscalDateEnding": "2022-12-31", "reportedCurrency": "INR", "grossProfit": "3672723420", "totalRevenue": "3672723420", "costOfRevenue": "None", "costofGoodsAndServicesSold": "None", "operatingIncome": "2043371902", "sellingGeneralAndAdministrative": "None", "researchAndDevelopment": "None", "operatingExpenses": "-1624864267", "investmentIncomeNet": "None", "netInterestIncome": "None", "interestIncome": "None", "interestExpense": "4487250", "nonInterestIncome": "None", "otherNonOperatingIncome": "None", "depreciation": "None", "depreciationAndAmortization": "None", "incomeBeforeTax": "2047859152", "incomeTaxExpense": "507922515", "interestAndDebtExpense": "None", "netIncomeFromContinuingOperations": "None", "comprehensiveIncomeNetOfTax": "None", "ebit": "None", "ebitda": "2043371902", "netIncome": "1539936637"}, {"fiscalDateEnding": "2022-09-30", "reportedCurrency": "INR", "grossProfit": "3322907986", "totalRevenue": "281658600000", "costOfRevenue": "278335692014", "costofGoodsAndServicesSold": "278335692014", "operatingIncome": "353350500000", "sellingGeneralAndAdministrative": "135158800000", "researchAndDevelopment": "None", "operatingExpenses": "-1489424895", "investmentIncomeNet": "None", "netInterestIncome": "219446600000", "interestIncome": "401346700000", "interestExpense": "181900100000", "nonInterestIncome": "None", "otherNonOperatingIncome": "None", "depreciation": "None", "depreciationAndAmortization": "-351521599271", "incomeBeforeTax": "171472900000", "incomeTaxExpense": "44437400000", "interestAndDebtExpense": "None", "netIncomeFromContinuingOperations": "127035500000", "comprehensiveIncomeNetOfTax": "None", "ebit": "353350500000", "ebitda": "1828900729", "netIncome": "127013000000"}, {"fiscalDateEnding": "2022-06-30", "reportedCurrency": "INR", "grossProfit": "3252877476", "totalRevenue": "3252877476", "costOfRevenue": "275378848002", "costofGoodsAndServicesSold": "275378848002", "operatingIncome": "1798446464", "sellingGeneralAndAdministrative": "195056561", "researchAndDevelopment": "None", "operatingExpenses": "-1450233132", "investmentIncomeNet": "None", "netInterestIncome": "209155500000", "interestIncome": "372738100000", "interestExpense": "4197880", "nonInterestIncome": "None", "otherNonOperatingIncome": "None", "depreciation": "None", "depreciationAndAmortization": "-289820918616", "incomeBeforeTax": "1802644344", "incomeTaxExpense": "423336681", "interestAndDebtExpense": "None", "netIncomeFromContinuingOperations": "96166700000", "comprehensiveIncomeNetOfTax": "None", "ebit": "291440000000", "ebitda": "1798446464", "netIncome": "1379307663"}, {"fiscalDateEnding": "2022-03-31", "reportedCurrency": "INR", "grossProfit": "3252877476", "totalRevenue": "3252877476", "costOfRevenue": "None", "costofGoodsAndServicesSold": "None", "operatingIncome": "1798446464", "sellingGeneralAndAdministrative": "195056561", "researchAndDevelopment": "None", "operatingExpenses": "-1450233132", "investmentIncomeNet": "None", "netInterestIncome": "None", "interestIncome": "None", "interestExpense": "4197880", "nonInterestIncome": "None", "otherNonOperatingIncome": "None", "depreciation": "None", "depreciationAndAmortization": "None", "incomeBeforeTax": "1802644344", "incomeTaxExpense": "423336681", "interestAndDebtExpense": "None", "netIncomeFromContinuingOperations": "None", "comprehensiveIncomeNetOfTax": "None", "ebit": "None", "ebitda": "1798446464", "netIncome": "1379307663"}, {"fiscalDateEnding": "2021-12-31", "reportedCurrency": "INR", "grossProfit": "3332148574", "totalRevenue": "3332148574", "costOfRevenue": "None", "costofGoodsAndServicesSold": "None", "operatingIncome": "1905154474", "sellingGeneralAndAdministrative": "None", "researchAndDevelopment": "None", "operatingExpenses": "-1423731108", "investmentIncomeNet": "None", "netInterestIncome": "None", "interestIncome": "None", "interestExpense": "None", "nonInterestIncome": "None", "otherNonOperatingIncome": "None", "depreciation": "None", "depreciationAndAmortization": "None", "incomeBeforeTax": "1908417465", "incomeTaxExpense": "483523975", "interestAndDebtExpense": "None", "netIncomeFromContinuingOperations": "None", "comprehensiveIncomeNetOfTax": "None", "ebit": "None", "ebitda": "1905154474", "netIncome": "1421630499"}, {"fiscalDateEnding": "2021-09-30", "reportedCurrency": "INR", "grossProfit": "270210800000", "totalRevenue": "270210800000", "costOfRevenue": "None", "costofGoodsAndServicesSold": "None", "operatingIncome": "1980968705", "sellingGeneralAndAdministrative": "39314300000", "researchAndDevelopment": "None", "operatingExpenses": "-1219171607", "investmentIncomeNet": "None", "netInterestIncome": "191051600000", "interestIncome": "335204400000", "interestExpense": "144152800000", "nonInterestIncome": "None", "otherNonOperatingIncome": "None", "depreciation": "None", "depreciationAndAmortization": "None", "incomeBeforeTax": "123235000000", "incomeTaxExpense": "32035400000", "interestAndDebtExpense": "None", "netIncomeFromContinuingOperations": "91199600000", "comprehensiveIncomeNetOfTax": "None", "ebit": "None", "ebitda": "1980968705", "netIncome": "90961900000"}, {"fiscalDateEnding": "2021-06-30", "reportedCurrency": "INR", "grossProfit": "268262500000", "totalRevenue": "268262500000", "costOfRevenue": "None", "costofGoodsAndServicesSold": "None", "operatingIncome": "1537247750", "sellingGeneralAndAdministrative": "35705400000", "researchAndDevelopment": "None", "operatingExpenses": "-1339577826", "investmentIncomeNet": "None", "netInterestIncome": "180352600000", "interestIncome": "322537600000", "interestExpense": "140832400000", "nonInterestIncome": "None", "otherNonOperatingIncome": "None", "depreciation": "None", "depreciationAndAmortization": "None", "incomeBeforeTax": "112657300000", "incomeTaxExpense": "28214000000", "interestAndDebtExpense": "None", "netIncomeFromContinuingOperations": "79402800000", "comprehensiveIncomeNetOfTax": "None", "ebit": "None", "ebitda": "1537247750", "netIncome": "84337800000"}, {"fiscalDateEnding": "2021-03-31", "reportedCurrency": "INR", "grossProfit": "268262500000", "totalRevenue": "268262500000", "costOfRevenue": "None", "costofGoodsAndServicesSold": "None", "operatingIncome": "1537247750", "sellingGeneralAndAdministrative": "35705400000", "researchAndDevelopment": "None", "operatingExpenses": "-1339577826", "investmentIncomeNet": "None", "netInterestIncome": "185236800000", "interestIncome": "326069200000", "interestExpense": "140832400000", "nonInterestIncome": "None", "otherNonOperatingIncome": "None", "depreciation": "None", "depreciationAndAmortization": "None", "incomeBeforeTax": "112657300000", "incomeTaxExpense": "28214000000", "interestAndDebtExpense": "None", "netIncomeFromContinuingOperations": "84443300000", "comprehensiveIncomeNetOfTax": "None", "ebit": "108390700000", "ebitda": "1537247750", "netIncome": "84337800000"}, {"fiscalDateEnding": "2020-12-31", "reportedCurrency": "INR", "grossProfit": "253160500000", "totalRevenue": "253160500000", "costOfRevenue": "None", "costofGoodsAndServicesSold": "None", "operatingIncome": "1617984822", "sellingGeneralAndAdministrative": "34562800000", "researchAndDevelopment": "None", "operatingExpenses": "-1256331409", "investmentIncomeNet": "None", "netInterestIncome": "173289200000", "interestIncome": "318516000000", "interestExpense": "145226800000", "nonInterestIncome": "None", "otherNonOperatingIncome": "None", "depreciation": "None", "depreciationAndAmortization": "None", "incomeBeforeTax": "118132000000", "incomeTaxExpense": "30530100000", "interestAndDebtExpense": "None", "netIncomeFromContinuingOperations": "87601900000", "comprehensiveIncomeNetOfTax": "None", "ebit": "118132000000", "ebitda": "1617984822", "netIncome": "87693300000"}, {"fiscalDateEnding": "2020-09-30", "reportedCurrency": "INR", "grossProfit": "234052900000", "totalRevenue": "234052900000", "costOfRevenue": "None", "costofGoodsAndServicesSold": "None", "operatingIncome": "1820072040", "sellingGeneralAndAdministrative": "33488500000", "researchAndDevelopment": "None", "operatingExpenses": "-1083441465", "investmentIncomeNet": "None", "netInterestIncome": "157763900000", "interestIncome": "299769700000", "interestExpense": "150331800000", "nonInterestIncome": "None", "otherNonOperatingIncome": "None", "depreciation": "None", "depreciationAndAmortization": "3200075000", "incomeBeforeTax": "103777000000", "incomeTaxExpense": "26663300000", "interestAndDebtExpense": "None", "netIncomeFromContinuingOperations": "75131100000", "comprehensiveIncomeNetOfTax": "None", "ebit": "251434600000", "ebitda": "1820072040", "netIncome": "77028600000"}, {"fiscalDateEnding": "2020-06-30", "reportedCurrency": "INR", "grossProfit": "212366300000", "totalRevenue": "212366300000", "costOfRevenue": "None", "costofGoodsAndServicesSold": "None", "operatingIncome": "1281283298", "sellingGeneralAndAdministrative": "24982600000", "researchAndDevelopment": "None", "operatingExpenses": "-1174553651", "investmentIncomeNet": "None", "netInterestIncome": "167431200000", "interestIncome": "323516100000", "interestExpense": "146810000000", "nonInterestIncome": "None", "otherNonOperatingIncome": "None", "depreciation": "None", "depreciationAndAmortization": "3200075000", "incomeBeforeTax": "91743300000", "incomeTaxExpense": "22466400000", "interestAndDebtExpense": "None", "netIncomeFromContinuingOperations": "69408800000", "comprehensiveIncomeNetOfTax": "None", "ebit": "93395100000", "ebitda": "1281283298", "netIncome": "69276900000"}, {"fiscalDateEnding": "2020-03-31", "reportedCurrency": "INR", "grossProfit": "212366300000", "totalRevenue": "212366300000", "costOfRevenue": "0", "costofGoodsAndServicesSold": "0", "operatingIncome": "1281283298", "sellingGeneralAndAdministrative": "24982600000", "researchAndDevelopment": "0", "operatingExpenses": "-1174553651", "investmentIncomeNet": "None", "netInterestIncome": "162664800000", "interestIncome": "317950500000", "interestExpense": "146810000000", "nonInterestIncome": "None", "otherNonOperatingIncome": "0", "depreciation": "None", "depreciationAndAmortization": "3200075000", "incomeBeforeTax": "91743300000", "incomeTaxExpense": "22466400000", "interestAndDebtExpense": "None", "netIncomeFromContinuingOperations": "72967100000", "comprehensiveIncomeNetOfTax": "None", "ebit": "96818600000", "ebitda": "1281283298", "netIncome": "69276900000"}, {"fiscalDateEnding": "2019-12-31", "reportedCurrency": "INR", "grossProfit": "208421800000", "totalRevenue": "208421800000", "costOfRevenue": "0", "costofGoodsAndServicesSold": "0", "operatingIncome": "1438835722", "sellingGeneralAndAdministrative": "24549600000", "researchAndDevelopment": "0", "operatingExpenses": "-1196871277", "investmentIncomeNet": "None", "netInterestIncome": "141729000000", "interestIncome": "293697200000", "interestExpense": "151968200000", "nonInterestIncome": "None", "otherNonOperatingIncome": "0", "depreciation": "None", "depreciationAndAmortization": "None", "incomeBeforeTax": "99018500000", "incomeTaxExpense": "24853700000", "interestAndDebtExpense": "None", "netIncomeFromContinuingOperations": "74164800000", "comprehensiveIncomeNetOfTax": "None", "ebit": "99018500000", "ebitda": "1438835722", "netIncome": "74164800000"}, {"fiscalDateEnding": "2019-09-30", "reportedCurrency": "INR", "grossProfit": "191037600000", "totalRevenue": "191037600000", "costOfRevenue": "0", "costofGoodsAndServicesSold": "0", "operatingIncome": "1196293616", "sellingGeneralAndAdministrative": "23550700000", "researchAndDevelopment": "0", "operatingExpenses": "-992963478", "investmentIncomeNet": "None", "netInterestIncome": "135150400000", "interestIncome": "281662800000", "interestExpense": "146512400000", "nonInterestIncome": "None", "otherNonOperatingIncome": "0", "depreciation": "None", "depreciationAndAmortization": "None", "incomeBeforeTax": "89974000000", "incomeTaxExpense": "26524100000", "interestAndDebtExpense": "None", "netIncomeFromContinuingOperations": "63449900000", "comprehensiveIncomeNetOfTax": "None", "ebit": "89974000000", "ebitda": "1196293616", "netIncome": "63449900000"}, {"fiscalDateEnding": "2019-06-30", "reportedCurrency": "INR", "grossProfit": "179607000000", "totalRevenue": "179607000000", "costOfRevenue": "0", "costofGoodsAndServicesSold": "0", "operatingIncome": "1379577908", "sellingGeneralAndAdministrative": "20744000000", "researchAndDevelopment": "0", "operatingExpenses": "-1088277310", "investmentIncomeNet": "None", "netInterestIncome": "132942500000", "interestIncome": "273915900000", "interestExpense": "132437600000", "nonInterestIncome": "None", "otherNonOperatingIncome": "0", "depreciation": "None", "depreciationAndAmortization": "3062200000", "incomeBeforeTax": "89543800000", "incomeTaxExpense": "30692600000", "interestAndDebtExpense": "None", "netIncomeFromContinuingOperations": "55681600000", "comprehensiveIncomeNetOfTax": "None", "ebit": "85335800000", "ebitda": "1379577908", "netIncome": "58851200000"}, {"fiscalDateEnding": "2019-03-31", "reportedCurrency": "INR", "grossProfit": "179607000000", "totalRevenue": "179607000000", "costOfRevenue": "0", "costofGoodsAndServicesSold": "0", "operatingIncome": "1379577908", "sellingGeneralAndAdministrative": "20744000000", "researchAndDevelopment": "0", "operatingExpenses": "-1088277310", "investmentIncomeNet": "None", "netInterestIncome": "130894900000", "interestIncome": "263332500000", "interestExpense": "132437600000", "nonInterestIncome": "None", "otherNonOperatingIncome": "0", "depreciation": "None", "depreciationAndAmortization": "3062200000", "incomeBeforeTax": "89543800000", "incomeTaxExpense": "30692600000", "interestAndDebtExpense": "None", "netIncomeFromContinuingOperations": "58851200000", "comprehensiveIncomeNetOfTax": "None", "ebit": "89543800000", "ebitda": "1379577908", "netIncome": "58851200000"}, {"fiscalDateEnding": "2018-12-31", "reportedCurrency": "INR", "grossProfit": "174977600000", "totalRevenue": "174977600000", "costOfRevenue": "0", "costofGoodsAndServicesSold": "0", "operatingIncome": "1301997558", "sellingGeneralAndAdministrative": "19676400000", "researchAndDevelopment": "0", "operatingExpenses": "-1026663794", "investmentIncomeNet": "None", "netInterestIncome": "None", "interestIncome": "None", "interestExpense": "133135100000", "nonInterestIncome": "None", "otherNonOperatingIncome": "0", "depreciation": "None", "depreciationAndAmortization": "None", "incomeBeforeTax": "85668900000", "incomeTaxExpense": "29810400000", "interestAndDebtExpense": "None", "netIncomeFromContinuingOperations": "0", "comprehensiveIncomeNetOfTax": "None", "ebit": "85668900000", "ebitda": "1301997558", "netIncome": "55858500000"}, {"fiscalDateEnding": "2018-09-30", "reportedCurrency": "INR", "grossProfit": "169492500000", "totalRevenue": "169492500000", "costOfRevenue": "0", "costofGoodsAndServicesSold": "0", "operatingIncome": "1116889344", "sellingGeneralAndAdministrative": "25620600000", "researchAndDevelopment": "0", "operatingExpenses": "-752830056", "investmentIncomeNet": "None", "netInterestIncome": "None", "interestIncome": "None", "interestExpense": "131752400000", "nonInterestIncome": "None", "otherNonOperatingIncome": "None", "depreciation": "None", "depreciationAndAmortization": "None", "incomeBeforeTax": "82579900000", "incomeTaxExpense": "28408900000", "interestAndDebtExpense": "None", "netIncomeFromContinuingOperations": "690990743.91", "comprehensiveIncomeNetOfTax": "None", "ebit": "82579900000", "ebitda": "1116889344", "netIncome": "54171000000"}]}