{"symbol": "IBN", "annualReports": [{"fiscalDateEnding": "2023-03-31", "reportedCurrency": "INR", "grossProfit": "56678000", "totalRevenue": "56678000", "costOfRevenue": "None", "costofGoodsAndServicesSold": "None", "operatingIncome": "747342043000", "sellingGeneralAndAdministrative": "123416000000", "researchAndDevelopment": "None", "operatingExpenses": "747285365000", "investmentIncomeNet": "None", "netInterestIncome": "705234200000", "interestIncome": "1210668100000", "interestExpense": "411666700000", "nonInterestIncome": "None", "otherNonOperatingIncome": "None", "depreciation": "None", "depreciationAndAmortization": "14794600000", "incomeBeforeTax": "349957000000", "incomeTaxExpense": "84574400000", "interestAndDebtExpense": "None", "netIncomeFromContinuingOperations": "354613100000", "comprehensiveIncomeNetOfTax": "None", "ebit": "747342043000", "ebitda": "762136643000", "netIncome": "251101000000"}, {"fiscalDateEnding": "2022-03-31", "reportedCurrency": "INR", "grossProfit": "1163696500000", "totalRevenue": "1163696500000", "costOfRevenue": "None", "costofGoodsAndServicesSold": "None", "operatingIncome": "747342043000", "sellingGeneralAndAdministrative": "123416000000", "researchAndDevelopment": "None", "operatingExpenses": "747285365000", "investmentIncomeNet": "None", "netInterestIncome": "542402000000", "interestIncome": "954068700000", "interestExpense": "411666700000", "nonInterestIncome": "None", "otherNonOperatingIncome": "None", "depreciation": "None", "depreciationAndAmortization": "14794600000", "incomeBeforeTax": "349957000000", "incomeTaxExpense": "84574400000", "interestAndDebtExpense": "None", "netIncomeFromContinuingOperations": "265382600000", "comprehensiveIncomeNetOfTax": "None", "ebit": "747342043000", "ebitda": "762136643000", "netIncome": "251101000000"}, {"fiscalDateEnding": "2021-03-31", "reportedCurrency": "INR", "grossProfit": "1051205800000", "totalRevenue": "1051205800000", "costOfRevenue": "None", "costofGoodsAndServicesSold": "None", "operatingIncome": "169294500000", "sellingGeneralAndAdministrative": "111567500000", "researchAndDevelopment": "None", "operatingExpenses": "-881911300000", "investmentIncomeNet": "None", "netInterestIncome": "465035700000", "interestIncome": "891626600000", "interestExpense": "446655200000", "nonInterestIncome": "None", "otherNonOperatingIncome": "None", "depreciation": "None", "depreciationAndAmortization": "13696400000", "incomeBeforeTax": "185886100000", "incomeTaxExpense": "73631400000", "interestAndDebtExpense": "None", "netIncomeFromContinuingOperations": "203639600000", "comprehensiveIncomeNetOfTax": "None", "ebit": "169294500000", "ebitda": "182990900000", "netIncome": "95663100000"}, {"fiscalDateEnding": "2020-03-31", "reportedCurrency": "INR", "grossProfit": "921311591000", "totalRevenue": "921289600000", "costOfRevenue": "-21991000", "costofGoodsAndServicesSold": "-21991000", "operatingIncome": "451508801000", "sellingGeneralAndAdministrative": "94252600000", "researchAndDevelopment": "None", "operatingExpenses": "-469802790000", "investmentIncomeNet": "None", "netInterestIncome": "401702508000", "interestIncome": "848357730000", "interestExpense": "391775400000", "nonInterestIncome": "None", "otherNonOperatingIncome": "None", "depreciation": "None", "depreciationAndAmortization": "10453730000", "incomeBeforeTax": "74082600000", "incomeTaxExpense": "17191000000", "interestAndDebtExpense": "None", "netIncomeFromContinuingOperations": "112254680000", "comprehensiveIncomeNetOfTax": "None", "ebit": "451508801000", "ebitda": "461962531000", "netIncome": "42542400000"}, {"fiscalDateEnding": "2019-03-31", "reportedCurrency": "INR", "grossProfit": "921289600000", "totalRevenue": "921289600000", "costOfRevenue": "-21991000", "costofGoodsAndServicesSold": "-21991000", "operatingIncome": "49279657000", "sellingGeneralAndAdministrative": "94252600000", "researchAndDevelopment": "0", "operatingExpenses": "642588799999", "investmentIncomeNet": "None", "netInterestIncome": "328041126000", "interestIncome": "719816540000", "interestExpense": "391775400000", "nonInterestIncome": "None", "otherNonOperatingIncome": "0", "depreciation": "None", "depreciationAndAmortization": "10453730000", "incomeBeforeTax": "74082600000", "incomeTaxExpense": "17191000000", "interestAndDebtExpense": "None", "netIncomeFromContinuingOperations": "56891606000", "comprehensiveIncomeNetOfTax": "None", "ebit": "49279657000", "ebitda": "59733387000", "netIncome": "42542400000"}], "quarterlyReports": [{"fiscalDateEnding": "2023-09-30", "reportedCurrency": "INR", "grossProfit": "393842500000", "totalRevenue": "393842500000", "costOfRevenue": "None", "costofGoodsAndServicesSold": "None", "operatingIncome": "147049500000", "sellingGeneralAndAdministrative": "46622300000", "researchAndDevelopment": "None", "operatingExpenses": "-246793000000", "investmentIncomeNet": "None", "netInterestIncome": "210300700000", "interestIncome": "389380800000", "interestExpense": "179080100000", "nonInterestIncome": "None", "otherNonOperatingIncome": "None", "depreciation": "None", "depreciationAndAmortization": "None", "incomeBeforeTax": "151596800000", "incomeTaxExpense": "38088200000", "interestAndDebtExpense": "None", "netIncomeFromContinuingOperations": "113508600000", "comprehensiveIncomeNetOfTax": "None", "ebit": "None", "ebitda": "147049500000", "netIncome": "108961300000"}, {"fiscalDateEnding": "2023-06-30", "reportedCurrency": "INR", "grossProfit": "394432776832.85", "totalRevenue": "394432800000", "costOfRevenue": "23167.15", "costofGoodsAndServicesSold": "23167.15", "operatingIncome": "15206.19", "sellingGeneralAndAdministrative": "42480000000", "researchAndDevelopment": "None", "operatingExpenses": "24237.09", "investmentIncomeNet": "None", "netInterestIncome": "207382300000", "interestIncome": "371058900000", "interestExpense": "144794700000", "nonInterestIncome": "None", "otherNonOperatingIncome": "None", "depreciation": "None", "depreciationAndAmortization": "3835900000", "incomeBeforeTax": "137352100000", "incomeTaxExpense": "34989200000", "interestAndDebtExpense": "None", "netIncomeFromContinuingOperations": "110144500000", "comprehensiveIncomeNetOfTax": "None", "ebit": "274475000000", "ebitda": "15206.19", "netIncome": "98527000000"}, {"fiscalDateEnding": "2023-03-31", "reportedCurrency": "INR", "grossProfit": "394432776832.85", "totalRevenue": "394432800000", "costOfRevenue": "23167.15", "costofGoodsAndServicesSold": "23167.15", "operatingIncome": "274475000000", "sellingGeneralAndAdministrative": "42480000000", "researchAndDevelopment": "None", "operatingExpenses": "24237.09", "investmentIncomeNet": "None", "netInterestIncome": "199594400000", "interestIncome": "344389100000", "interestExpense": "144794700000", "nonInterestIncome": "None", "otherNonOperatingIncome": "None", "depreciation": "None", "depreciationAndAmortization": "3835900000", "incomeBeforeTax": "137352100000", "incomeTaxExpense": "34989200000", "interestAndDebtExpense": "None", "netIncomeFromContinuingOperations": "102362900000", "comprehensiveIncomeNetOfTax": "None", "ebit": "274475000000", "ebitda": "278310900000", "netIncome": "98527000000"}, {"fiscalDateEnding": "2022-12-31", "reportedCurrency": "INR", "grossProfit": "348816100000", "totalRevenue": "348816100000", "costOfRevenue": "19694.78", "costofGoodsAndServicesSold": "19694.78", "operatingIncome": "117918300000", "sellingGeneralAndAdministrative": "37231000000", "researchAndDevelopment": "None", "operatingExpenses": "-230897800000", "investmentIncomeNet": "None", "netInterestIncome": "186409200000", "interestIncome": "316188100000", "interestExpense": "129778900000", "nonInterestIncome": "None", "otherNonOperatingIncome": "None", "depreciation": "None", "depreciationAndAmortization": "3732000000", "incomeBeforeTax": "121650300000", "incomeTaxExpense": "29994100000", "interestAndDebtExpense": "None", "netIncomeFromContinuingOperations": "91656200000", "comprehensiveIncomeNetOfTax": "None", "ebit": "243965200000", "ebitda": "117918300000", "netIncome": "87924200000"}, {"fiscalDateEnding": "2022-09-30", "reportedCurrency": "INR", "grossProfit": "331812500000", "totalRevenue": "331812500000", "costOfRevenue": "None", "costofGoodsAndServicesSold": "None", "operatingIncome": "10308.89", "sellingGeneralAndAdministrative": "36758900000", "researchAndDevelopment": "None", "operatingExpenses": "7566.33", "investmentIncomeNet": "None", "netInterestIncome": "168535200000", "interestIncome": "288504900000", "interestExpense": "119969700000", "nonInterestIncome": "None", "otherNonOperatingIncome": "None", "depreciation": "None", "depreciationAndAmortization": "3542200000", "incomeBeforeTax": "111514600000", "incomeTaxExpense": "27902500000", "interestAndDebtExpense": "None", "netIncomeFromContinuingOperations": "83612100000", "comprehensiveIncomeNetOfTax": "None", "ebit": "224399900000", "ebitda": "10308.89", "netIncome": "80069900000"}, {"fiscalDateEnding": "2022-06-30", "reportedCurrency": "INR", "grossProfit": "322001300000", "totalRevenue": "322001300000", "costOfRevenue": "None", "costofGoodsAndServicesSold": "None", "operatingIncome": "11528.04", "sellingGeneralAndAdministrative": "31153200000", "researchAndDevelopment": "None", "operatingExpenses": "204933296000", "investmentIncomeNet": "None", "netInterestIncome": "150695400000", "interestIncome": "261586000000", "interestExpense": "106339300000", "nonInterestIncome": "None", "otherNonOperatingIncome": "None", "depreciation": "None", "depreciationAndAmortization": "136619548471.96", "incomeBeforeTax": "106035300000", "incomeTaxExpense": "25144200000", "interestAndDebtExpense": "None", "netIncomeFromContinuingOperations": "76981900000", "comprehensiveIncomeNetOfTax": "None", "ebit": "11528.04", "ebitda": "136619560000", "netIncome": "77189400000"}, {"fiscalDateEnding": "2022-03-31", "reportedCurrency": "INR", "grossProfit": "281292700000", "totalRevenue": "281292700000", "costOfRevenue": "None", "costofGoodsAndServicesSold": "None", "operatingIncome": "206647900000", "sellingGeneralAndAdministrative": "35871800000", "researchAndDevelopment": "None", "operatingExpenses": "-74644800000", "investmentIncomeNet": "None", "netInterestIncome": "143655300000", "interestIncome": "249994600000", "interestExpense": "110890600000", "nonInterestIncome": "None", "otherNonOperatingIncome": "None", "depreciation": "None", "depreciationAndAmortization": "3136600000", "incomeBeforeTax": "102030500000", "incomeTaxExpense": "25048600000", "interestAndDebtExpense": "None", "netIncomeFromContinuingOperations": "80891100000", "comprehensiveIncomeNetOfTax": "None", "ebit": "206647900000", "ebitda": "209784500000", "netIncome": "73845300000"}, {"fiscalDateEnding": "2021-12-31", "reportedCurrency": "INR", "grossProfit": "294934300000", "totalRevenue": "294934300000", "costOfRevenue": "None", "costofGoodsAndServicesSold": "None", "operatingIncome": "11151.64", "sellingGeneralAndAdministrative": "32325900000", "researchAndDevelopment": "None", "operatingExpenses": "181488000000", "investmentIncomeNet": "None", "netInterestIncome": "139418800000", "interestIncome": "243142500000", "interestExpense": "103723700000", "nonInterestIncome": "None", "otherNonOperatingIncome": "None", "depreciation": "None", "depreciationAndAmortization": "87927488848.36", "incomeBeforeTax": "92160900000", "incomeTaxExpense": "22562000000", "interestAndDebtExpense": "None", "netIncomeFromContinuingOperations": "69598900000", "comprehensiveIncomeNetOfTax": "None", "ebit": "11151.64", "ebitda": "87927500000", "netIncome": "65365500000"}, {"fiscalDateEnding": "2021-09-30", "reportedCurrency": "INR", "grossProfit": "293919300000", "totalRevenue": "293919300000", "costOfRevenue": "None", "costofGoodsAndServicesSold": "None", "operatingIncome": "9914.72", "sellingGeneralAndAdministrative": "30219200000", "researchAndDevelopment": "None", "operatingExpenses": "180122399999", "investmentIncomeNet": "None", "netInterestIncome": "133854400000", "interestIncome": "234780000000", "interestExpense": "100925600000", "nonInterestIncome": "None", "otherNonOperatingIncome": "None", "depreciation": "None", "depreciationAndAmortization": "81267590085.28", "incomeBeforeTax": "86055200000", "incomeTaxExpense": "20349200000", "interestAndDebtExpense": "None", "netIncomeFromContinuingOperations": "65706000000", "comprehensiveIncomeNetOfTax": "None", "ebit": "9914.72", "ebitda": "81267600000", "netIncome": "60918400000"}, {"fiscalDateEnding": "2021-06-30", "reportedCurrency": "INR", "grossProfit": "336662100000", "totalRevenue": "336662100000", "costOfRevenue": "None", "costofGoodsAndServicesSold": "None", "operatingIncome": "9932.90", "sellingGeneralAndAdministrative": "28032400000", "researchAndDevelopment": "None", "operatingExpenses": "23733.31", "investmentIncomeNet": "None", "netInterestIncome": "130235400000", "interestIncome": "230972800000", "interestExpense": "99550800000", "nonInterestIncome": "None", "otherNonOperatingIncome": "None", "depreciation": "None", "depreciationAndAmortization": "165206290067.10", "incomeBeforeTax": "70103300000", "incomeTaxExpense": "16793900000", "interestAndDebtExpense": "None", "netIncomeFromContinuingOperations": "49768200000", "comprehensiveIncomeNetOfTax": "None", "ebit": "9932.90", "ebitda": "165206300000", "netIncome": "48861600000"}, {"fiscalDateEnding": "2021-03-31", "reportedCurrency": "INR", "grossProfit": "336662100000", "totalRevenue": "336662100000", "costOfRevenue": "None", "costofGoodsAndServicesSold": "None", "operatingIncome": "9932.90", "sellingGeneralAndAdministrative": "28032400000", "researchAndDevelopment": "None", "operatingExpenses": "23733.31", "investmentIncomeNet": "None", "netInterestIncome": "123445000000", "interestIncome": "222995800000", "interestExpense": "99550800000", "nonInterestIncome": "None", "otherNonOperatingIncome": "None", "depreciation": "None", "depreciationAndAmortization": "165206290067.10", "incomeBeforeTax": "70103300000", "incomeTaxExpense": "16793900000", "interestAndDebtExpense": "None", "netIncomeFromContinuingOperations": "53309400000", "comprehensiveIncomeNetOfTax": "None", "ebit": "9932.90", "ebitda": "165206300000", "netIncome": "48861600000"}, {"fiscalDateEnding": "2020-12-31", "reportedCurrency": "INR", "grossProfit": "300424100000", "totalRevenue": "300424100000", "costOfRevenue": "None", "costofGoodsAndServicesSold": "None", "operatingIncome": "174484000000", "sellingGeneralAndAdministrative": "26583800000", "researchAndDevelopment": "None", "operatingExpenses": "-125940100000", "investmentIncomeNet": "None", "netInterestIncome": "118018400000", "interestIncome": "222138800000", "interestExpense": "104120400000", "nonInterestIncome": "None", "otherNonOperatingIncome": "None", "depreciation": "None", "depreciationAndAmortization": "None", "incomeBeforeTax": "75579900000", "incomeTaxExpense": "15382100000", "interestAndDebtExpense": "None", "netIncomeFromContinuingOperations": "60197800000", "comprehensiveIncomeNetOfTax": "None", "ebit": "75579900000", "ebitda": "174484000000", "netIncome": "54981500000"}, {"fiscalDateEnding": "2020-09-30", "reportedCurrency": "INR", "grossProfit": "283764700000", "totalRevenue": "283764700000", "costOfRevenue": "None", "costofGoodsAndServicesSold": "None", "operatingIncome": "172736600000", "sellingGeneralAndAdministrative": "27319300000", "researchAndDevelopment": "None", "operatingExpenses": "-111028100000", "investmentIncomeNet": "None", "netInterestIncome": "112815400000", "interestIncome": "222264900000", "interestExpense": "109449500000", "nonInterestIncome": "None", "otherNonOperatingIncome": "None", "depreciation": "None", "depreciationAndAmortization": "3789200000", "incomeBeforeTax": "68727100000", "incomeTaxExpense": "14463800000", "interestAndDebtExpense": "None", "netIncomeFromContinuingOperations": "54263300000", "comprehensiveIncomeNetOfTax": "None", "ebit": "172736600000", "ebitda": "172736600000", "netIncome": "48823300000"}, {"fiscalDateEnding": "2020-06-30", "reportedCurrency": "INR", "grossProfit": "290963900000", "totalRevenue": "290963900000", "costOfRevenue": "None", "costofGoodsAndServicesSold": "None", "operatingIncome": "8575.68", "sellingGeneralAndAdministrative": "28984100000", "researchAndDevelopment": "None", "operatingExpenses": "20520.71", "investmentIncomeNet": "None", "netInterestIncome": "110756900000", "interestIncome": "224227100000", "interestExpense": "110250900000", "nonInterestIncome": "None", "otherNonOperatingIncome": "None", "depreciation": "None", "depreciationAndAmortization": "126406591424.32", "incomeBeforeTax": "19774700000", "incomeTaxExpense": "3642500000", "interestAndDebtExpense": "None", "netIncomeFromContinuingOperations": "35869100000", "comprehensiveIncomeNetOfTax": "None", "ebit": "8575.68", "ebitda": "126406600000", "netIncome": "12513200000"}, {"fiscalDateEnding": "2020-03-31", "reportedCurrency": "INR", "grossProfit": "290963900000", "totalRevenue": "290963900000", "costOfRevenue": "None", "costofGoodsAndServicesSold": "None", "operatingIncome": "8575.68", "sellingGeneralAndAdministrative": "28984100000", "researchAndDevelopment": "None", "operatingExpenses": "20520.71", "investmentIncomeNet": "None", "netInterestIncome": "107155908000", "interestIncome": "217406800000", "interestExpense": "110250900000", "nonInterestIncome": "None", "otherNonOperatingIncome": "None", "depreciation": "None", "depreciationAndAmortization": "126406591424.32", "incomeBeforeTax": "19774700000", "incomeTaxExpense": "3642500000", "interestAndDebtExpense": "None", "netIncomeFromContinuingOperations": "16132200000", "comprehensiveIncomeNetOfTax": "None", "ebit": "8575.68", "ebitda": "126406600000", "netIncome": "12513200000"}, {"fiscalDateEnding": "2019-12-31", "reportedCurrency": "INR", "grossProfit": "270738300000", "totalRevenue": "270738300000", "costOfRevenue": "0", "costofGoodsAndServicesSold": "0", "operatingIncome": "176182200000", "sellingGeneralAndAdministrative": "27173600000", "researchAndDevelopment": "0", "operatingExpenses": "5570.67", "investmentIncomeNet": "None", "netInterestIncome": "103258200000", "interestIncome": "216229400000", "interestExpense": "112971200000", "nonInterestIncome": "None", "otherNonOperatingIncome": "0", "depreciation": "None", "depreciationAndAmortization": "None", "incomeBeforeTax": "67652800000", "incomeTaxExpense": "16510000000", "interestAndDebtExpense": "None", "netIncomeFromContinuingOperations": "51142800000", "comprehensiveIncomeNetOfTax": "None", "ebit": "67652800000", "ebitda": "176182200000", "netIncome": "46701000000"}, {"fiscalDateEnding": "2019-09-30", "reportedCurrency": "INR", "grossProfit": "260900900000", "totalRevenue": "260900900000", "costOfRevenue": "0", "costofGoodsAndServicesSold": "0", "operatingIncome": "8363.31", "sellingGeneralAndAdministrative": "28726800000", "researchAndDevelopment": "0", "operatingExpenses": "17726.78", "investmentIncomeNet": "None", "netInterestIncome": "97715900000", "interestIncome": "211062800000", "interestExpense": "113346900000", "nonInterestIncome": "None", "otherNonOperatingIncome": "0", "depreciation": "None", "depreciationAndAmortization": "165188791636.69", "incomeBeforeTax": "56375100000", "incomeTaxExpense": "40529900000", "interestAndDebtExpense": "None", "netIncomeFromContinuingOperations": "15845200000", "comprehensiveIncomeNetOfTax": "None", "ebit": "8363.31", "ebitda": "165188800000", "netIncome": "11312000000"}, {"fiscalDateEnding": "2019-06-30", "reportedCurrency": "INR", "grossProfit": "264322000000", "totalRevenue": "264322000000", "costOfRevenue": "0", "costofGoodsAndServicesSold": "0", "operatingIncome": "7420.41", "sellingGeneralAndAdministrative": "25206100000", "researchAndDevelopment": "0", "operatingExpenses": "19011.79", "investmentIncomeNet": "None", "netInterestIncome": "93572500000", "interestIncome": "203658700000", "interestExpense": "103520500000", "nonInterestIncome": "None", "otherNonOperatingIncome": "0", "depreciation": "None", "depreciationAndAmortization": "116756292579.59", "incomeBeforeTax": "16806900000", "incomeTaxExpense": "1532200000", "interestAndDebtExpense": "None", "netIncomeFromContinuingOperations": "29134500000", "comprehensiveIncomeNetOfTax": "None", "ebit": "7420.41", "ebitda": "116756300000", "netIncome": "11703600000"}, {"fiscalDateEnding": "2019-03-31", "reportedCurrency": "INR", "grossProfit": "264322000000", "totalRevenue": "264322000000", "costOfRevenue": "0", "costofGoodsAndServicesSold": "0", "operatingIncome": "7420.41", "sellingGeneralAndAdministrative": "25206100000", "researchAndDevelopment": "0", "operatingExpenses": "19011.79", "investmentIncomeNet": "None", "netInterestIncome": "91516800000", "interestIncome": "195037300000", "interestExpense": "103520500000", "nonInterestIncome": "None", "otherNonOperatingIncome": "0", "depreciation": "None", "depreciationAndAmortization": "116756292579.59", "incomeBeforeTax": "16806900000", "incomeTaxExpense": "1532200000", "interestAndDebtExpense": "None", "netIncomeFromContinuingOperations": "15274700000", "comprehensiveIncomeNetOfTax": "None", "ebit": "7420.41", "ebitda": "116756300000", "netIncome": "11703600000"}, {"fiscalDateEnding": "2018-12-31", "reportedCurrency": "INR", "grossProfit": "232868100000", "totalRevenue": "232868100000", "costOfRevenue": "0", "costofGoodsAndServicesSold": "0", "operatingIncome": "5249.71", "sellingGeneralAndAdministrative": "24103000000", "researchAndDevelopment": "0", "operatingExpenses": "4324.36", "investmentIncomeNet": "None", "netInterestIncome": "None", "interestIncome": "None", "interestExpense": "101465000000", "nonInterestIncome": "None", "otherNonOperatingIncome": "0", "depreciation": "None", "depreciationAndAmortization": "126647394750.29", "incomeBeforeTax": "28794000000", "incomeTaxExpense": "6439100000", "interestAndDebtExpense": "None", "netIncomeFromContinuingOperations": "954.09", "comprehensiveIncomeNetOfTax": "None", "ebit": "5249.71", "ebitda": "126647400000", "netIncome": "18743300000"}, {"fiscalDateEnding": "2018-09-30", "reportedCurrency": "INR", "grossProfit": "2514089818.31", "totalRevenue": "2514089818.31", "costOfRevenue": "0", "costofGoodsAndServicesSold": "0", "operatingIncome": "12046200000", "sellingGeneralAndAdministrative": "2678116612.96", "researchAndDevelopment": "0", "operatingExpenses": "12046200000", "investmentIncomeNet": "None", "netInterestIncome": "None", "interestIncome": "None", "interestExpense": "0", "nonInterestIncome": "None", "otherNonOperatingIncome": "0", "depreciation": "None", "depreciationAndAmortization": "None", "incomeBeforeTax": "312649982.86", "incomeTaxExpense": "-12046200000", "interestAndDebtExpense": "None", "netIncomeFromContinuingOperations": "219540623.93", "comprehensiveIncomeNetOfTax": "None", "ebit": "0", "ebitda": "12046200000", "netIncome": "12046200000"}]}